@article{bruner1974communication,
  title={From communication to language: a psychological perspective},
  author={Bruner, Jerome S},
  journal={Cognition},
  volume={3},
  number={3},
  pages={255--287},
  year={1974},
  doi = {10.1016/0010-0277(74)90012-2},
  publisher={Elsevier}
}
